@book{dick_androids_2008,
	title = {Do Androids Dream of Electric Sheep?},
	pagetotal = {258},
	publisher = {Ballantine Books},
	author = {Dick, Philip K.},
	date = {2008-02-26},
	year = {2008},
	address = {New York, NY}
}

@incollection{mcgrath_religion_2011,
    title = {Robots, Rights and Religion},	
    author = {{McGrath}, James},
	booktitle = {Religion and Science Fiction},
	isbn = {9781608998869},
	shorttitle = {Religion and Science Fiction},
	pagetotal = {204},
	publisher = {Wipf \& Stock Pub},
	editor = {{McGrath}, James F.},
	year = {2011},
	date = {2011-08-01}
}