
@book{dick_androids_2008,
	title = {Do Androids Dream of Electric Sheep?},
	pagetotal = {258},
	publisher = {Ballantine Books},
	author = {Dick, Philip K.},
	date = {2008-02-26},
	year = 2008
}
